@article{Papamakarios2016,
archivePrefix = {arXiv},
arxivId = {1605.06376},
author = {Papamakarios, George and Murray, Iain},
eprint = {1605.06376},
file = {:home/dominik/Documents/Mendeley/Papamakarios, Murray - 2016 - Fast {\$}epsilon{\$}-free Inference of Simulation Models with Bayesian Conditional Density Estimation.pdf:pdf},
issn = {10495258},
title = {{Fast \textit{epsilon}-free Inference of Simulation Models with Bayesian Conditional Density Estimation}},
note = {http://arxiv.org/abs/1605.06376},
year = {2016}
}

@article{DBLP:journals/corr/UpchurchGBPSW16,
	author    = {Paul Upchurch and
	Jacob R. Gardner and
	Kavita Bala and
	Robert Pless and
	Noah Snavely and
	Kilian Q. Weinberger},
	title     = {Deep Feature Interpolation for Image Content Changes},
	journal   = {CoRR},
	volume    = {abs/1611.05507},
	year      = {2016},
	url       = {http://arxiv.org/abs/1611.05507},
	archivePrefix = {arXiv},
	eprint    = {1611.05507},
	timestamp = {Mon, 13 Aug 2018 16:46:21 +0200},
	biburl    = {https://dblp.org/rec/bib/journals/corr/UpchurchGBPSW16},
	bibsource = {dblp computer science bibliography, https://dblp.org}
}
